<record xmlns="http://www.loc.gov/MARC21/slim">
  <leader>00738cam a2200241 | 4500</leader>
  <controlfield tag="001">97036</controlfield>
  <controlfield tag="008">090976s1951    inu                 eng l</controlfield>
  <datafield tag="010" ind1=" " ind2=" ">
    <subfield code="a">   51004703</subfield>
  </datafield>
  <datafield tag="035" ind1=" " ind2=" ">
    <subfield code="a">ocm01444472</subfield>
  </datafield>
  <datafield tag="040" ind1=" " ind2=" ">
    <subfield code="a">DLC</subfield>
    <subfield code="b">eng</subfield>
  </datafield>
  <datafield tag="043" ind1=" " ind2=" ">
    <subfield code="a">n-us---</subfield>
  </datafield>
  <datafield tag="049" ind1=" " ind2=" ">
    <subfield code="a">aeu</subfield>
    <subfield code="b">eng</subfield>
  </datafield>
  <datafield tag="050" ind1="0" ind2=" ">
    <subfield code="a">KF 300</subfield>
    <subfield code="b">R32 1951</subfield>
  </datafield>
  <datafield tag="090" ind1="0" ind2="0">
    <subfield code="a">KF 300 R32 1951</subfield>
    <subfield code="b">LL</subfield>
  </datafield>
  <datafield tag="100" ind1="1" ind2="0">
    <subfield code="a">Redden, Kenneth R.</subfield>
    <subfield code="q">(Kenneth Robert),</subfield>
    <subfield code="d">1917-</subfield>
  </datafield>
  <datafield tag="245" ind1="1" ind2="0">
    <subfield code="a">So you want to be a lawyer! :</subfield>
    <subfield code="b">a vocational guidance manual.</subfield>
  </datafield>
  <datafield tag="260" ind1="0" ind2=" ">
    <subfield code="a">Indianapolis, </subfield>
    <subfield code="b">Bobbs-Merrill </subfield>
    <subfield code="c">[1951]</subfield>
  </datafield>
  <datafield tag="300" ind1=" " ind2=" ">
    <subfield code="a">xv, 125 p.  </subfield>
    <subfield code="b">illus.  </subfield>
    <subfield code="c">24 cm.</subfield>
  </datafield>
  <datafield tag="596" ind1=" " ind2=" ">
    <subfield code="a">45</subfield>
  </datafield>
  <datafield tag="650" ind1=" " ind2="0">
    <subfield code="a">Lawyers</subfield>
    <subfield code="z">United States</subfield>
  </datafield>
  <datafield tag="650" ind1=" " ind2="0">
    <subfield code="a">Law</subfield>
    <subfield code="x">Study and teaching</subfield>
    <subfield code="z">United States.</subfield>
  </datafield>
  <datafield tag="039" ind1="0" ind2=" ">
    <subfield code="a">0149152M</subfield>
    <subfield code="f">REV</subfield>
  </datafield>
  <datafield tag="926" ind1=" " ind2=" ">
    <subfield code="a">UALAW</subfield>
    <subfield code="b">ON_SHELF</subfield>
    <subfield code="c">KF 300 R32 1951</subfield>
    <subfield code="d">BOOK</subfield>
    <subfield code="f">1</subfield>
  </datafield>
</record>
